<?xml version="1.0" encoding="UTF-8"?><record xmlns="http://www.loc.gov/MARC21/slim" xmlns:cinclude="http://apache.org/cocoon/include/1.0" xmlns:zs="http://www.loc.gov/zing/srw/">
  <leader>00522nz  a2200145n  4500</leader>
  <controlfield tag="001">no2008078393</controlfield>
  <controlfield tag="003">DLC</controlfield>
  <controlfield tag="005">20080529075506.0</controlfield>
  <controlfield tag="008">080527n| acannaabn          |a ana     c</controlfield>
  <datafield tag="010" ind1=" " ind2=" ">
    <subfield code="a">no2008078393</subfield>
  </datafield>
  <datafield tag="035" ind1=" " ind2=" ">
    <subfield code="a">(OCoLC)oca07778639</subfield>
  </datafield>
  <datafield tag="040" ind1=" " ind2=" ">
    <subfield code="a">TxU</subfield>
    <subfield code="b">eng</subfield>
    <subfield code="c">TxU</subfield>
  </datafield>
  <datafield tag="110" ind1="1" ind2=" ">
    <subfield code="a">Peru.</subfield>
    <subfield code="t">Ley de remuneraciones del sector público para 1980</subfield>
  </datafield>
  <datafield tag="410" ind1="1" ind2=" ">
    <subfield code="a">Peru.</subfield>
    <subfield code="t">Decreto ley no. 22849</subfield>
  </datafield>
  <datafield tag="670" ind1=" " ind2=" ">
    <subfield code="a">Ley del presupuesto del sector público para 1980, 1980:</subfield>
    <subfield code="b">t.p. (Ley de remuneraciones del sector público para 1980, Decreto ley no. 22849)</subfield>
  </datafield>
</record>